<record xmlns="http://www.loc.gov/MARC21/slim" xmlns:xsi="http://www.w3.org/2001/XMLSchema-instance" xsi:schemaLocation="http://www.loc.gov/MARC21/slim http://www.loc.gov/standards/marcxml/schema/MARC21slim.xsd"><leader>00037nz   2200037n  4500</leader><controlfield tag="001">DNB|119269422</controlfield><controlfield tag="003">DNB</controlfield><controlfield tag="005">20061125021945.0</controlfield><controlfield tag="008">950807|||azznnaa|||||||||||| a|aaa|||| d</controlfield><datafield ind1="7" ind2=" " tag="016"><subfield code="a">119269422</subfield><subfield code="2">GyFmDB</subfield></datafield><datafield ind1=" " ind2=" " tag="035"><subfield code="a">(SWD)4383395-0</subfield></datafield><datafield ind1=" " ind2=" " tag="040"><subfield code="a">0021</subfield><subfield code="b">ger</subfield><subfield code="d">9999</subfield><subfield code="f">RAK-PND</subfield></datafield><datafield ind1=" " ind2=" " tag="043"><subfield code="a">XS---</subfield><subfield code="2">SWD-ISO3166</subfield></datafield><datafield ind1="2" ind2=" " tag="045"><subfield code="b">dv540</subfield><subfield code="b">dv470</subfield></datafield><datafield ind1=" " ind2=" " tag="065"><subfield code="a">12.2p</subfield><subfield code="5">SWD</subfield></datafield><datafield ind1=" " ind2=" " tag="072"><subfield code="a">grc</subfield><subfield code="2">ISO639-2</subfield></datafield><datafield ind1="0" ind2=" " tag="100"><subfield code="a">Phrynichus,</subfield><subfield code="c">Tragicus</subfield><subfield code="d">v540-v470</subfield></datafield><datafield ind1="0" ind2=" " tag="400"><subfield code="a">Phrynichos,</subfield><subfield code="c">Tragödiendichter</subfield><subfield code="d">v540-v470</subfield></datafield><datafield ind1="0" ind2=" " tag="400"><subfield code="a">Phrynichus,</subfield><subfield code="c">Atheniensis</subfield><subfield code="d">v540-v470</subfield></datafield><datafield ind1="0" ind2=" " tag="400"><subfield code="a">Phrynichos,</subfield><subfield code="c">Athener</subfield><subfield code="d">v540-v470</subfield></datafield><datafield ind1="0" ind2=" " tag="400"><subfield code="a">Frinico,</subfield><subfield code="c">di Atene</subfield><subfield code="d">v540-v470</subfield></datafield><datafield ind1="0" ind2=" " tag="400"><subfield code="a">Frinico,</subfield><subfield code="c">Poeta Tragico</subfield><subfield code="d">v540-v470</subfield></datafield><datafield ind1="0" ind2=" " tag="400"><subfield code="a">Phrynichos,</subfield><subfield code="c">von Athen</subfield><subfield code="d">v540-v470</subfield></datafield><datafield ind1="0" ind2=" " tag="400"><subfield code="a">Phrynicos,</subfield><subfield code="c">d'Athènes</subfield><subfield code="d">v540-v470</subfield></datafield><datafield ind1=" " ind2=" " tag="667"><subfield code="a">TITAN</subfield></datafield><datafield ind1=" " ind2=" " tag="670"><subfield code="a">PAN; Thes. ling. Graec.; Lex. alte Welt</subfield></datafield><datafield ind1=" " ind2=" " tag="678"><subfield code="a">Geburts- u. Todesjahr ca.;</subfield><subfield code="a">TGF 1,72-79; Fragmentum lyricum (App. Anth. 3.18); Griech. Tragiker Athens, Sohn des Polyphrasmon . Er ist nicht zu verwechseln mit dem Tragödiendichter Phrynichus &lt;Atheniensis&gt;, Sohn des Melanthas</subfield></datafield><datafield ind1="0" ind2="7" tag="700"><subfield code="a">Phrynichos,</subfield><subfield code="c">Tragiker</subfield><subfield code="d">v540-v470</subfield><subfield code="2">Other Rules</subfield></datafield><datafield ind1=" " ind2=" " tag="922"><subfield code="a">gr</subfield><subfield code="9">1</subfield></datafield></record>